<record><leader>00000cas a22000007a 4500</leader><controlfield tag="001">13287784</controlfield><controlfield tag="008">860312d19111915wiuwr ne      0    0eng d</controlfield><datafield ind1=" " ind2=" " tag="010"><subfield code="a">sn 86086365 </subfield></datafield><datafield ind1=" " ind2=" " tag="040"><subfield code="a">NPV</subfield><subfield code="b">eng</subfield><subfield code="c">NPV</subfield><subfield code="d">OCLCQ</subfield></datafield><datafield ind1=" " ind2=" " tag="042"><subfield code="a">msc</subfield></datafield><datafield ind1=" " ind2=" " tag="045"><subfield code="a">x1x1</subfield></datafield><datafield ind1=" " ind2=" " tag="052"><subfield code="a">4123</subfield><subfield code="b">S6</subfield></datafield><datafield ind1="0" ind2="4" tag="082"><subfield code="a">071</subfield></datafield><datafield ind1="0" ind2="0" tag="245"><subfield code="a">Plymouth review, farm and dairy herald.</subfield></datafield><datafield ind1="1" ind2="3" tag="246"><subfield code="a">Plymouth review and farm &amp; dairy herald</subfield></datafield><datafield ind1="1" ind2="3" tag="246"><subfield code="a">Farm &amp; dairy herald</subfield></datafield><datafield ind1="1" ind2="3" tag="246"><subfield code="a">Plymouth review and farm and dairy herald</subfield></datafield><datafield ind1=" " ind2=" " tag="260"><subfield code="a">Plymouth, Wis. :</subfield><subfield code="b">Review Pub.,</subfield><subfield code="c">1911-1915.</subfield></datafield><datafield ind1=" " ind2=" " tag="300"><subfield code="a">5 v. :</subfield><subfield code="b">ill.</subfield></datafield><datafield ind1=" " ind2=" " tag="310"><subfield code="a">Weekly</subfield></datafield><datafield ind1="0" ind2=" " tag="362"><subfield code="a">Vol. 16, no. 14 (June 14, 1911)-v. 20, no. 24 (Apr. 21, 1915).</subfield></datafield><datafield ind1=" " ind2=" " tag="500"><subfield code="a">Added masthead: Farm &amp; dairy herald, June 14-21, 1911.</subfield></datafield><datafield ind1=" " ind2=" " tag="500"><subfield code="a">Editor: O. Gaffron, June 14, 1911.</subfield></datafield><datafield ind1=" " ind2=" " tag="530"><subfield code="a">Available on microfilm from The State Historical Society of Wisconsin.</subfield></datafield><datafield ind1=" " ind2=" " tag="752"><subfield code="a">United States</subfield><subfield code="b">Wisconsin</subfield><subfield code="c">Sheboygan</subfield><subfield code="d">Plymouth.</subfield></datafield><datafield ind1="0" ind2="0" tag="780"><subfield code="t">Plymouth review (Plymouth, Wis. : 1895)</subfield><subfield code="w">(DLC)sn 86086364</subfield></datafield><datafield ind1="0" ind2="0" tag="785"><subfield code="t">Plymouth review (Plymouth, Wis. : 1915)</subfield><subfield code="w">(DLC)sn 86086366</subfield></datafield><datafield ind1="1" ind2=" " tag="029"><subfield code="a">AU@</subfield><subfield code="b">000025287478</subfield></datafield></record>